<?xml version="1.0" encoding="UTF-8"?><record xmlns="http://www.loc.gov/MARC21/slim" xmlns:cinclude="http://apache.org/cocoon/include/1.0" xmlns:zs="http://www.loc.gov/zing/srw/">
  <leader>00514cz  a2200157n  4500</leader>
  <controlfield tag="001">no 96022938 </controlfield>
  <controlfield tag="003">DLC</controlfield>
  <controlfield tag="005">20080824075519.0</controlfield>
  <controlfield tag="008">960503n| acannaabn          |a aaa     c</controlfield>
  <datafield tag="010" ind1=" " ind2=" ">
    <subfield code="a">no 96022938 </subfield>
  </datafield>
  <datafield tag="035" ind1=" " ind2=" ">
    <subfield code="a">(OCoLC)oca04070699</subfield>
  </datafield>
  <datafield tag="040" ind1=" " ind2=" ">
    <subfield code="a">NNC</subfield>
    <subfield code="b">eng</subfield>
    <subfield code="c">NNC</subfield>
    <subfield code="d">NjP</subfield>
  </datafield>
  <datafield tag="053" ind1=" " ind2="0">
    <subfield code="a">PG3489.9.M65</subfield>
  </datafield>
  <datafield tag="100" ind1="1" ind2=" ">
    <subfield code="a">Zamogilʹnov, Aleksandr</subfield>
  </datafield>
  <datafield tag="400" ind1="1" ind2=" ">
    <subfield code="a">Zamogilʹnov, A.</subfield>
    <subfield code="q">(Aleksandr)</subfield>
  </datafield>
  <datafield tag="670" ind1=" " ind2=" ">
    <subfield code="a">Martovskie zerkala, 1994:</subfield>
    <subfield code="b">t.p. (Aleksandr Zamogilʹnov) t.p. verso (A. Zamogilʹnov) colophon (Zamogilʹnov Aleksandr Mikhaĭlovich)</subfield>
  </datafield>
</record>